<?xml version="1.0" encoding="UTF-8"?><collection xmlns="http://www.loc.gov/MARC21/slim"><record><leader>00565nam--2200205-u-4500</leader><controlfield tag="001">000053070</controlfield><controlfield tag="002">20161230</controlfield><controlfield tag="005">20161230201050</controlfield><controlfield tag="008">110104s1000------------r-----000-0-eng-d</controlfield><datafield ind1=" " ind2=" " tag="020"><subfield code="a">0471497479</subfield></datafield><datafield ind1=" " ind2=" " tag="040"><subfield code="a">IFIN-HH</subfield></datafield><datafield ind1=" " ind2=" " tag="080"><subfield code="a">621.315.61:666.3/7</subfield></datafield><datafield ind1="1" ind2=" " tag="100"><subfield code="a">Moulson, A.J</subfield></datafield><datafield ind1="1" ind2="0" tag="245"><subfield code="a">Electroceramics</subfield><subfield code="b">Materials. properties. applications</subfield><subfield code="c">A.j. moulson; j.m. herbert</subfield></datafield><datafield ind1=" " ind2=" " tag="250"><subfield code="a">Second Edition</subfield></datafield><datafield ind1=" " ind2=" " tag="260"><subfield code="a">Chistecher</subfield><subfield code="b">John Wiley &amp; Sons Ltd</subfield><subfield code="c">2003</subfield></datafield><datafield ind1=" " ind2=" " tag="300"><subfield code="a">557P</subfield></datafield><datafield ind1="1" ind2=" " tag="700"><subfield code="a">Herbert, J.M</subfield></datafield><datafield ind1=" " ind2=" " tag="852"><subfield code="a">81689</subfield><subfield code="c">001.2</subfield></datafield><datafield ind1=" " ind2=" " tag="CAT"><subfield code="a">Sys</subfield><subfield code="c">20110104</subfield><subfield code="h">152517</subfield></datafield></record></collection>